<?xml version="1.0" encoding="UTF-8"?><collection xmlns="http://www.loc.gov/MARC21/slim"><record><leader>00423nam--2200169-i-4500</leader><controlfield tag="001">000036656</controlfield><controlfield tag="002">20161230</controlfield><controlfield tag="005">20161230201041</controlfield><controlfield tag="008">060222s1000------------r-----000-0-fre-d</controlfield><datafield ind1=" " ind2=" " tag="040"><subfield code="a">IFIN-HH</subfield></datafield><datafield ind1=" " ind2=" " tag="041"><subfield code="a">fre</subfield></datafield><datafield ind1="1" ind2=" " tag="100"><subfield code="a">Gamow, G</subfield></datafield><datafield ind1="1" ind2="0" tag="245"><subfield code="a">Monsieur tompkins s'explore lui-meme</subfield><subfield code="b">Traduit par a. moles</subfield><subfield code="c">G. gamow</subfield></datafield><datafield ind1=" " ind2=" " tag="260"><subfield code="a">Paris</subfield><subfield code="b">Dunod</subfield><subfield code="c">1957</subfield></datafield><datafield ind1=" " ind2=" " tag="300"><subfield code="a">129P</subfield></datafield><datafield ind1=" " ind2=" " tag="852"><subfield code="a">13962</subfield><subfield code="c">53</subfield></datafield><datafield ind1=" " ind2=" " tag="CAT"><subfield code="a">Sys</subfield><subfield code="c">20150210</subfield><subfield code="h">211602</subfield></datafield></record></collection>